@article{秦玉伟2018一种光电式脉搏信号检测装置,
  title={一种光电式脉搏信号检测装置},
  author={秦玉伟},
  journal={渭南师范学院学报},
  number={8},
  year={2018},
}

@article{马晴2018简易人体脉搏测量仪的设计与制作,
  title={简易人体脉搏测量仪的设计与制作},
  author={马晴 and 李慧慧 and 王云龙},
  journal={电子制作},
  number={1},
  pages={20-22},
  year={2018},
}